<record><leader>00000cas a22000007a 4500</leader><controlfield tag="001">9536910</controlfield><controlfield tag="008">830523d17821782mauwr ne      0    0eng d</controlfield><datafield ind1=" " ind2=" " tag="010"><subfield code="a">sn 83020751 </subfield></datafield><datafield ind1=" " ind2=" " tag="040"><subfield code="a">NPX</subfield><subfield code="b">eng</subfield><subfield code="c">NPX</subfield><subfield code="d">NPA</subfield><subfield code="d">DLC</subfield><subfield code="d">MGN</subfield><subfield code="d">OCLCG</subfield><subfield code="d">OCLCO</subfield></datafield><datafield ind1="1" ind2=" " tag="029"><subfield code="a">AU@</subfield><subfield code="b">000025796567</subfield></datafield><datafield ind1=" " ind2=" " tag="042"><subfield code="a">msc</subfield></datafield><datafield ind1=" " ind2=" " tag="043"><subfield code="a">n-us-ma</subfield></datafield><datafield ind1="0" ind2="0" tag="050"><subfield code="a">Newspaper</subfield></datafield><datafield ind1="0" ind2="4" tag="245"><subfield code="a">The Massachusetts gazette, or, The Springfield and Northampton weekly advertiser.</subfield></datafield><datafield ind1="1" ind2="0" tag="246"><subfield code="a">Springfield and Northampton weekly advertiser</subfield></datafield><datafield ind1="1" ind2="0" tag="246"><subfield code="a">Springfield weekly and Northampton advertiser</subfield></datafield><datafield ind1=" " ind2=" " tag="260"><subfield code="a">Springfield, Mass. :</subfield><subfield code="b">Babcock &amp; Haswell,</subfield><subfield code="c">1782.</subfield></datafield><datafield ind1=" " ind2=" " tag="300"><subfield code="a">1 v. ;</subfield><subfield code="c">36 cm.</subfield></datafield><datafield ind1=" " ind2=" " tag="310"><subfield code="a">Weekly</subfield></datafield><datafield ind1="0" ind2=" " tag="362"><subfield code="a">Vol. 1, no. 1 (May 14, 1782)-v. 1, no. 13 (Aug. 6, 1782).</subfield></datafield><datafield ind1="1" ind2=" " tag="700"><subfield code="a">Babcock, Elisha,</subfield><subfield code="d">1753-1821.</subfield></datafield><datafield ind1="1" ind2=" " tag="700"><subfield code="a">Haswell, Anthony,</subfield><subfield code="d">1756-1816.</subfield></datafield><datafield ind1=" " ind2=" " tag="752"><subfield code="a">United States</subfield><subfield code="b">Massachusetts</subfield><subfield code="c">Hampden</subfield><subfield code="d">Springfield.</subfield></datafield><datafield ind1="0" ind2="0" tag="785"><subfield code="t">Massachusetts gazette, or, The General advertiser</subfield><subfield code="w">(DLC)sn 83020752</subfield></datafield></record>